<?xml version="1.0" encoding="UTF-8"?><collection xmlns="http://www.loc.gov/MARC21/slim"><record><leader>00337nam--2200121-i-4500</leader><controlfield tag="001">000000363</controlfield><controlfield tag="002">20161230</controlfield><controlfield tag="005">20161230201024</controlfield><controlfield tag="008">060222s1000------------r-----000-0-eng-d</controlfield><datafield ind1=" " ind2=" " tag="100"><subfield code="a">Frohlich, Dr.Ing</subfield></datafield><datafield ind1=" " ind2=" " tag="245"><subfield code="a">Ausgewahlte probleme der theorie des ferro-und ferrimagnetismus</subfield></datafield><datafield ind1=" " ind2=" " tag="260"><subfield code="a">Berlin, Veb Verlag Technik.   264 P</subfield></datafield><datafield ind1=" " ind2=" " tag="852"><subfield code="a">10.236</subfield></datafield></record></collection>